<?xml version="1.0" encoding="UTF-8"?><record xmlns="http://www.loc.gov/MARC21/slim" xmlns:cinclude="http://apache.org/cocoon/include/1.0" xmlns:zs="http://www.loc.gov/zing/srw/">
  <leader>00349nz  a2200133n  4500</leader>
  <controlfield tag="001">no2003087291</controlfield>
  <controlfield tag="003">DLC</controlfield>
  <controlfield tag="005">20030902052201.0</controlfield>
  <controlfield tag="008">030901n| acannaabn          |n aaa     c</controlfield>
  <datafield tag="010" ind1=" " ind2=" ">
    <subfield code="a">no2003087291</subfield>
  </datafield>
  <datafield tag="035" ind1=" " ind2=" ">
    <subfield code="a">(OCoLC)oca06140947</subfield>
  </datafield>
  <datafield tag="040" ind1=" " ind2=" ">
    <subfield code="a">SaStU</subfield>
    <subfield code="b">eng</subfield>
    <subfield code="c">SaStU</subfield>
  </datafield>
  <datafield tag="100" ind1="1" ind2=" ">
    <subfield code="a">Sentongo, Z. K.</subfield>
  </datafield>
  <datafield tag="670" ind1=" " ind2=" ">
    <subfield code="a">Yusufu ne Musa ne Yosuwa, 1930:</subfield>
    <subfield code="b">t.p. (Z.K. Sentongo)</subfield>
  </datafield>
</record>